<collection xmlns="http://www.loc.gov/MARC21/slim"><record><leader>00715nam  2200217   450</leader><controlfield tag="001">826</controlfield><controlfield tag="003">http://montalegre.opacnet.com/OPAC/default.aspx?ContentAreaControl=ShowRegHoldings.ascx&amp;RegNo=16662</controlfield><datafield tag="100" ind1=" " ind2=" "><subfield code="a">20061013d1983    k  y0pory010305  ba</subfield></datafield><datafield tag="101" ind1="1" ind2=" "><subfield code="a">por</subfield></datafield><datafield tag="102" ind1=" " ind2=" "><subfield code="a">PT</subfield></datafield><datafield tag="200" ind1="1" ind2=" "><subfield code="a">&lt;A &gt;revoltada</subfield></datafield><datafield tag="210" ind1=" " ind2=" "><subfield code="a">Lisboa</subfield><subfield code="c">Livros do Brasil</subfield><subfield code="d">[D.L. 1983]</subfield></datafield><datafield tag="215" ind1=" " ind2=" "><subfield code="a">395, [4]p.</subfield><subfield code="d">22 cm</subfield></datafield><datafield tag="225" ind1="2" ind2=" "><subfield code="a">Dois mundos</subfield><subfield code="i">Os filhos da violência</subfield><subfield code="v">144, 1ºVol.</subfield></datafield><datafield tag="300" ind1=" " ind2=" "><subfield code="a">Livro 1 da série Filhos da violência</subfield></datafield><datafield tag="304" ind1=" " ind2=" "><subfield code="a">Tit. orig: Martha Quest</subfield></datafield><datafield tag="675" ind1=" " ind2=" "><subfield code="a">821</subfield></datafield><datafield tag="700" ind1=" " ind2="1"><subfield code="a">Lessing</subfield><subfield code="b">Doris</subfield><subfield code="f">1919-</subfield></datafield><datafield tag="702" ind1=" " ind2="1"><subfield code="a">Mota</subfield><subfield code="b">Virgínia</subfield><subfield code="f">1909-</subfield><subfield code="4">730</subfield></datafield><datafield tag="801" ind1=" " ind2="0"><subfield code="a">PT</subfield><subfield code="b">Biblioteca Municipal de Montalegre</subfield><subfield code="g">RPC</subfield></datafield><datafield tag="856" ind1=" " ind2=" "><subfield code="u">locateMedia.asp?cod=20060622172235&amp;ext=jpg</subfield><subfield code="z">CAPA</subfield></datafield><datafield tag="909" ind1="&#9;" ind2=" "><subfield code="a">1</subfield></datafield><datafield tag="966" ind1=" " ind2=" "><subfield code="a">0008989</subfield><subfield code="l">BMM</subfield><subfield code="s">SCG 821 LES rev 144</subfield></datafield></record></collection>